<?xml version="1.0" encoding="UTF-8"?><collection xmlns="http://www.loc.gov/MARC21/slim"><record><leader>00500nam--2200193-i-4500</leader><controlfield tag="001">000042654</controlfield><controlfield tag="002">20161230</controlfield><controlfield tag="005">20161230201043</controlfield><controlfield tag="008">060222s1000------------r-----000-0-fre-d</controlfield><datafield ind1=" " ind2=" " tag="040"><subfield code="a">IFIN-HH</subfield></datafield><datafield ind1=" " ind2=" " tag="041"><subfield code="a">fre</subfield></datafield><datafield ind1=" " ind2=" " tag="080"><subfield code="a">530.1</subfield></datafield><datafield ind1="1" ind2=" " tag="100"><subfield code="a">Vassiliev, M</subfield></datafield><datafield ind1="1" ind2="0" tag="245"><subfield code="a">L`univers des sept elements</subfield><subfield code="c">M. vassiliev, k. stanioukovitch</subfield></datafield><datafield ind1=" " ind2=" " tag="260"><subfield code="a">Moscou, . 232 P</subfield><subfield code="b">Eddition De La Paix</subfield><subfield code="c">/F.An</subfield></datafield><datafield ind1=" " ind2=" " tag="300"><subfield code="a">234P</subfield></datafield><datafield ind1="1" ind2=" " tag="700"><subfield code="a">Stanioukovitch,K</subfield></datafield><datafield ind1=" " ind2=" " tag="852"><subfield code="a">76648</subfield><subfield code="c">523</subfield></datafield><datafield ind1=" " ind2=" " tag="CAT"><subfield code="a">Sys</subfield><subfield code="c">20141209</subfield><subfield code="h">141807</subfield></datafield></record></collection>